%% Include here references in the BibTeX format
%% Examples:

@article{DBLPjournals/jsyml/Turing48,
  author    = {Alan M. Turing},
  title     = {Practical Forms of Type Theory},
  journal   = {J. Symb. Log.},
  volume    = {13},
  number    = {2},
  year      = {1948},
  pages     = {80-94},
  ee        = {http://projecteuclid.org/euclid.jsl/1183410407},
  bibsource = {DBLP, http://dblp.uni-trier.de}
}

@inproceedings{DBLPconf/afips/SolomonP76,
  author    = {Cynthia J. Solomon and
               Seymour Papert},
  title     = {A case study of a young child doing turtle graphics in {LOGO}},
  booktitle = {AFIPS National Computer Conference},
  year      = {1976},
  pages     = {1049-1056},
  ee        = {http://doi.acm.org/10.1145/1499799.1499945},
  crossref  = {DBLPconf/afips/1976},
  bibsource = {DBLP, http://dblp.uni-trier.de}
}

@proceedings{DBLPconf/afips/1976,
  title     = {American Federation of Information Processing Societies:
               1976 National Computer Conference, 7-10 June 1976, New York,
               NY, USA},
  booktitle = {AFIPS National Computer Conference},
  publisher = {AFIPS Press},
  series    = {AFIPS Conference Proceedings},
  volume    = {45},
  year      = {1976},
  bibsource = {DBLP, http://dblp.uni-trier.de}
}

@article{DBLPjournals/ai/Lenat82,
  author    = {Douglas B. Lenat},
  title     = {The Nature of Heuristics},
  journal   = {Artif. Intell.},
  volume    = {19},
  number    = {2},
  year      = {1982},
  pages     = {189-249},
  ee        = {http://dx.doi.org/10.1016/0004-3702(82)90036-4},
  bibsource = {DBLP, http://dblp.uni-trier.de}
}

